@ARTICLE{py06nimg,
	author = {Paul A. Yushkevich and Joseph Piven and Cody Hazlett, Heather and
		Gimpel Smith, Rachel and Sean Ho and James C. Gee and Guido Gerig},
	title = {User-Guided {3D} Active Contour Segmentation of
		Anatomical Structures: Significantly Improved Efficiency and Reliability},
	journal = {Neuroimage},
	year = {2006},
	volume = {31},
	number = {3},
	pages = {1116--1128},
}

@article{cruz2022tumor,
	title={Tumor de hip{\'o}fise em paciente com hidrocefalia: um desafio diagn{\'o}stico},
	author={Cruz, Jo{\~a}o Carlos Gon{\c{c}}alves and Soares, Paula Virginia Brom dos Santos and Colombo-Barboza, Marcello Novoa and Nogueira, Priscilla Fernandes},
	journal={Revista Brasileira de Oftalmologia},
	volume={81},
	year={2022},
	publisher={SciELO Brasil}
}

@article{yushkevich2006user,
	title={User-guided 3D active contour segmentation of anatomical structures: significantly improved efficiency and reliability},
	author={Yushkevich, Paul A and Piven, Joseph and Hazlett, Heather Cody and Smith, Rachel Gimpel and Ho, Sean and Gee, James C and Gerig, Guido},
	journal={Neuroimage},
	volume={31},
	number={3},
	pages={1116--1128},
	year={2006},
	publisher={Elsevier}
}